@book{oates2005researching,
  title={Researching information systems and computing},
  author={Oates, Briony J},
  year={2005},
  publisher={Sage}
}

@misc{surfacewater,
author = {National Geographic Society},
title = {Surface Water},
howpublished = {\url{https://www.nationalgeographic.org/encyclopedia/surface-water/}},
note = {(Accessed on 02/07/2022)}
}

@misc{kanban,
author = {Microsoft Docs},
title = {What is Kanban?},
howpublished = {\url{https://docs.microsoft.com/en-us/devops/plan/what-is-kanban}},
month = {05},
year = {2021},
note = {(Accessed on 02/07/2022)}
}

@misc{assignmentform,
author = {Robin Westerik},
title = {Graduation Assignment Form},
month = {01},
year = {2022},
}

@misc{git,
author = {The Git community},
title = {Git Distributed Version Control System},
howpublished = {\url{https://git-scm.com/}},
note = {(Accessed on 02/07/2022)}
}

@book{moscow,
 author = {Stapleton, Jennifer},
 title = {DSDM, dynamic systems development method: Chapter 10 - MoSCoW prioritization},
 publisher = {Addison-Wesley},
 year = {1997},
 address = {Harlow, England Reading, Mass},
 isbn = {978-0201178890}
 }
 
@misc{mvp,
author = {Agile Alliance},
title = {What is a Minimum Viable Product (MVP)?},
howpublished = {\url{https://www.agilealliance.org/glossary/mvp}},
note = {(Accessed on 02/07/2022)}
}